@report{tangrabsmart,
  title={grabsmart: A User-centric Web Information Extraction System},
  author={\underline{Tan}, \underline{Shawn}},
  type={Undergraduate Thesis},
  year={2012}
}

@inproceedings{tan2015improving,
  title={Improving the interpretability of deep neural networks with stimulated learning},
  author={\underline{Tan}, \underline{Shawn} and Sim, Khe Chai and Gales, Mark},
  booktitle={IEEE Workshop on Automatic Speech Recognition and Understanding 
	  (ASRU)},
  pages={617--623},
  year={2015},
  organization={IEEE}
}

@inproceedings{tan2016towards,
  title={Towards implicit complexity control using variable-depth deep neural networks for automatic speech recognition},
  author={\underline{Tan}, \underline{Shawn} and Sim, Khe Chai},
  booktitle={2016 IEEE International Conference on Acoustics, Speech and Signal Processing (ICASSP)},
  pages={5965--5969},
  year={2016},
  organization={IEEE}
}

@inproceedings{tan2016learning,
  title={Learning utterance-level normalisation using Variational Autoencoders for robust automatic speech recognition},
  author={\underline{Tan}, \underline{Shawn} and Sim, Khe Chai},
  booktitle={Spoken Language Technology Workshop (SLT), 2016 IEEE},
  year={2016}
}

@article{shen2017self,
  title={Self-organized hierarchical softmax},
  author={Shen, Yikang and \underline{Tan}, \underline{Shawn} and Pal, Chrisopher and Courville, Aaron},
  journal={arXiv preprint arXiv:1707.08588},
  year={2017}
}

@article{tan2018inferring,
  title={Inferring Identity Factors for Grouped Examples},
  author={\underline{Tan}, \underline{Shawn} and Pal, Christopher J and Courville, Aaron},
  year={2018}
}

@article{shen2018generating,
  title={Generating contradictory, neutral, and entailing sentences},
  author={Shen, Yikang and \underline{Tan}, \underline{Shawn} and Huang, Chin-Wei and Courville, Aaron},
  journal={arXiv preprint arXiv:1803.02710},
  year={2018}
}

@inproceedings{huang2018improving,
  title={Improving explorability in variational inference with annealed variational objectives},
  author={Huang, Chin-Wei and \underline{Tan}, \underline{Shawn} and Lacoste, Alexandre and Courville, 
	  Aaron},
  booktitle={Advances in Neural Information Processing Systems},
  pages={9701--9711},
  year={2018}
}

@inproceedings{shen2019ordered,
  title={Ordered Neurons: Integrating Tree Structures into Recurrent Neural Networks},
  author={Shen, Yikang and \underline{Tan}, \underline{Shawn} and Sordoni, Alessandro and Courville, Aaron},
  booktitle={International Conference on Learning Representations (ICLR)},
  year={2019}
}

@report{tan2019latent,
  title={Latent variable language models},
  author={\underline{Tan}, \underline{Shawn}},
  type={Masters' thesis},
  year={2019}
}

@inproceedings{shen2019orderedmem,
  title={Ordered Memory},
  author={Shen, Yikang and \underline{Tan}, \underline{Shawn} and Hosseini, Arian and Lin, Zhouhan and Sordoni, Alessandro and Courville, Aaron C},
  booktitle={Advances in Neural Information Processing Systems},
  pages={5037--5048},
  year={2019}
}

@article{tan2019icentia11k,
  title={Icentia11K: An Unsupervised Representation Learning Dataset for Arrhythmia Subtype Discovery},
  author={\underline{Tan}, \underline{Shawn} and Androz, Guillaume and Chamseddine, Ahmad and Fecteau, Pierre and Courville, Aaron and Bengio, Yoshua and Cohen, Joseph Paul},
  journal={arXiv preprint arXiv:1910.09570},
  year={2019}
}

@article{tan2019investigating,
  title={Investigating Biases in Textual Entailment Datasets},
  author={\underline{Tan}, \underline{Shawn} and Shen, Yikang and Huang, Chin-wei and Courville, Aaron},
  journal={arXiv preprint arXiv:1906.09635},
  year={2019}
}

@inproceedings{tan2020recursive,
  title={Recursive Top-Down Production for Sentence Generation with Latent Trees},
  author={\underline{Tan}, \underline{Shawn} and Shen, Yikang and O'Donnell, Timothy J and Sordoni, Alessandro and Courville, Aaron},
  booktitle={Findings of EMNLP},
  year={2020}
}
